<?xml version="1.0" encoding="UTF-8"?><collection xmlns="http://www.loc.gov/MARC21/slim"><record><leader>00557nam--2200193-i-4500</leader><controlfield tag="001">000013181</controlfield><controlfield tag="002">20161230</controlfield><controlfield tag="005">20161230201030</controlfield><controlfield tag="008">060222s1000------------r-----000-0-eng-d</controlfield><datafield ind1=" " ind2=" " tag="040"><subfield code="a">IFIN-HH</subfield></datafield><datafield ind1=" " ind2=" " tag="080"><subfield code="a">778.38:681.527.5</subfield></datafield><datafield ind1="1" ind2=" " tag="100"><subfield code="a">Hanna, D.C</subfield></datafield><datafield ind1="1" ind2="0" tag="245"><subfield code="a">Nonlinear optics of free atoms and molecules</subfield><subfield code="c">D.c. hanna; yuratich, m.a.; cotter, d</subfield></datafield><datafield ind1=" " ind2=" " tag="260"><subfield code="a">NEW YORK</subfield><subfield code="b">Springer-verlag</subfield><subfield code="c">1979</subfield></datafield><datafield ind1=" " ind2=" " tag="300"><subfield code="a">IX+351P</subfield></datafield><datafield ind1=" " ind2=" " tag="490"><subfield code="a">Springer Series In Optical Sciences</subfield><subfield code="v">Vol. 17</subfield></datafield><datafield ind1="1" ind2=" " tag="700"><subfield code="a">Cotter, D</subfield></datafield><datafield ind1=" " ind2=" " tag="852"><subfield code="a">44907</subfield><subfield code="c">535</subfield></datafield><datafield ind1=" " ind2=" " tag="CAT"><subfield code="a">Sys</subfield><subfield code="c">20101129</subfield><subfield code="h">144128</subfield></datafield></record></collection>